<record><leader>00000cas a22000007a 4500</leader><controlfield tag="001">10030247</controlfield><controlfield tag="008">831018d18711876ohuwr ne      0    0eng d</controlfield><datafield ind1=" " ind2=" " tag="010"><subfield code="a">sn 83035563 </subfield></datafield><datafield ind1=" " ind2=" " tag="040"><subfield code="a">NPY</subfield><subfield code="b">eng</subfield><subfield code="c">NPY</subfield><subfield code="d">NPX</subfield><subfield code="d">ONP</subfield><subfield code="d">OCLCQ</subfield></datafield><datafield ind1=" " ind2=" " tag="042"><subfield code="a">msc</subfield></datafield><datafield ind1="0" ind2=" " tag="130"><subfield code="a">Forum (Bucyrus, Ohio : Weekly)</subfield></datafield><datafield ind1="1" ind2="4" tag="245"><subfield code="a">The Forum.</subfield></datafield><datafield ind1=" " ind2=" " tag="260"><subfield code="a">[Bucyrus, Ohio] :</subfield><subfield code="b">J.R. Clymer,</subfield><subfield code="c">1871-1876.</subfield></datafield><datafield ind1=" " ind2=" " tag="300"><subfield code="a">v. ;</subfield><subfield code="c">56 cm.</subfield></datafield><datafield ind1=" " ind2=" " tag="310"><subfield code="a">Weekly</subfield></datafield><datafield ind1="0" ind2=" " tag="362"><subfield code="a">Vol. 27, no. 41 (Oct. 14, 1871)-v. 31, no. 22 (Nov. 11, 1876).</subfield></datafield><datafield ind1=" " ind2=" " tag="515"><subfield code="a">Vol. and numbering designations dropped after Feb. 3, 1872.</subfield></datafield><datafield ind1=" " ind2=" " tag="752"><subfield code="a">United States</subfield><subfield code="b">Ohio</subfield><subfield code="c">Crawford</subfield><subfield code="d">Bucyrus.</subfield></datafield><datafield ind1="0" ind2=" " tag="775"><subfield code="t">Forum (Bucyrus, Ohio : Semiweekly)</subfield><subfield code="w">(DLC)sn 83035564</subfield></datafield><datafield ind1="0" ind2="1" tag="780"><subfield code="t">Crawford County forum (Bucyrus, Ohio : 1851)</subfield><subfield code="w">(DLC)sn 83035562</subfield></datafield><datafield ind1="0" ind2="0" tag="785"><subfield code="t">Crawford County forum (Bucyrus, Ohio : 1876)</subfield><subfield code="w">(DLC)sn 87076607</subfield></datafield></record>